<record><leader>00000cas a22000007a 4500</leader><controlfield tag="001">19217251</controlfield><controlfield tag="008">890215d186418uupauwr ne      0    0eng d</controlfield><datafield ind1=" " ind2=" " tag="010"><subfield code="a">sn 89077621 </subfield></datafield><datafield ind1=" " ind2=" " tag="040"><subfield code="a">NPH</subfield><subfield code="b">eng</subfield><subfield code="c">NPH</subfield><subfield code="d">OCLCQ</subfield></datafield><datafield ind1=" " ind2=" " tag="042"><subfield code="a">msc</subfield></datafield><datafield ind1="0" ind2="0" tag="245"><subfield code="a">Sharon weekly herald.</subfield></datafield><datafield ind1=" " ind2=" " tag="260"><subfield code="a">Sharon, Pa. :</subfield><subfield code="b">R.C. &amp; J.H. Frey</subfield></datafield><datafield ind1=" " ind2=" " tag="300"><subfield code="a">v.</subfield></datafield><datafield ind1=" " ind2=" " tag="310"><subfield code="a">Weekly</subfield></datafield><datafield ind1="0" ind2=" " tag="362"><subfield code="a">Vol. 1, no. 1 (Apr. 14, 1864)- = whole no. 1-</subfield></datafield><datafield ind1=" " ind2=" " tag="752"><subfield code="a">United States</subfield><subfield code="b">Pennsylvania</subfield><subfield code="c">Mercer</subfield><subfield code="d">Sharon.</subfield></datafield><datafield ind1="0" ind2="0" tag="785"><subfield code="t">Sharon herald (Sharon, Pa. : Weekly)</subfield><subfield code="w">(DLC)sn 84026380</subfield></datafield></record>